@article{brzyski2016,
  title={Group SLOPE-adaptive selection of groups of predictors},
  author={Brzyski, Damian and Gossmann, Alexej and Su, Weijie and Bogdan, Ma{\l}gorzata},
  journal={arXiv preprint arXiv:1610.04960},
  year={2016}
}

@article{cao2015bioinformatics,
  title={Unified tests for fine scale mapping and identifying sparse high-dimensional sequence associations},
  author={Cao, Shaolong and Qin, Huaizhen and Gossmann, Alexej and Deng, Hong-Wen and Wang, Yu-Ping},
  journal={Bioinformatics},
  year={2015},
  publisher={Oxford University Press},
  doi={10.1093/bioinformatics/btv586}
}

@article{sammarco2015,
  title={Hyperbaric Oxygen Promotes Proximal Bone Regeneration and Organized Collagen Composition during Digit Regeneration},
  author={Sammarco, Mimi C and Simkin, Jennifer and Cammack, Alexander J and Fassler, Danielle and Gossmann, Alexej and Marrero, Luis and Lacey, Michelle and Van Meter, Keith and Muneoka, Ken},
  journal={PloS one},
  volume={10},
  number={10},
  year={2015},
  publisher={Public Library of Science},
  doi={10.1371/journal.pone.0140156}
}

@inproceedings{cao2015BCB,
 author = {Cao, Shaolong and Qin, Huaizhen and Gossmann, Alexej and Deng, Hong-Wen and Wang, Yu-Ping},
 title = {Unified Tests for Fine Scale Mapping and Identifying Sparse High-dimensional Sequence Associations},
 booktitle = {Proceedings of the 6th ACM Conference on Bioinformatics, Computational Biology and Health Informatics},
 series = {BCB '15},
 year = {2015},
 isbn = {978-1-4503-3853-0},
 location = {Atlanta, Georgia},
 pages = {241--249},
 numpages = {9},
 doi = {10.1145/2808719.2808744},
 acmid = {2808744},
 publisher = {ACM},
 address = {New York, NY, USA},
 keywords = {Framingham heart study, complex relatedness, scaled Lp sparse regression, uHDSet test}
} 

@inproceedings{gossmann2015,
 author = {Gossmann, Alexej and Cao, Shaolong and Wang, Yu-Ping},
 title = {Identification of Significant Genetic Variants via SLOPE, and Its Extension to Group SLOPE},
 booktitle = {Proceedings of the 6th ACM Conference on Bioinformatics, Computational Biology and Health Informatics},
 series = {BCB '15},
 year = {2015},
 isbn = {978-1-4503-3853-0},
 location = {Atlanta, Georgia},
 pages = {232--240},
 numpages = {9},
 doi = {10.1145/2808719.2808743},
 acmid = {2808743},
 publisher = {ACM},
 address = {New York, NY, USA},
 keywords = {LASSO, SLOPE, false discovery rate, group LASSO, sparse regression}
} 
